@online{khanleygasesideales,
  author    = {Khan Academy},
  title     = {¿Que es la ley de los gases ideales?},
  year      = {s.f.},
  url       = {https://es.khanacademy.org/science/physics/thermodynamics/temp-kinetic-theory-ideal-gas-law/a/what-is-the-ideal-gas-law},
  note      = {Consultado el 14 de octubre de 2025}
}

@online{educaplusleyboyle,
  author    = {Educaplus},
  title     = {Ley de Boyle},
  year      = {s.f.},
  url       = {https://www.educaplus.org/gases/ley_boyle.html},
  note      = {Consultado el 14 de octubre de 2025}
}

@online{masamleycharles,
  author    = {Masam / UNAM Cuautitlán},
  title     = {Ley de Charles},
  year      = {s.f.},
  url       = {https://masam.cuautitlan.unam.mx/dycme/neh/ley-de-charles/},
  note      = {Consultado el 14 de octubre de 2025}
}

@online{libretextsgaylussac,
  author    = {LibreTexts},
  title     = {Gay-Lussac’s Law},
  year      = {s.f.},
  url       = {https://chem.libretexts.org/Bookshelves/Introductory_Chemistry/Introductory_Chemistry_(CK-12)/14%3A_The_Behavior_of_Gases/14.05%3A_Gay-Lussac's_Law},
  note      = {Consultado el 14 de octubre de 2025}
}
