@online{khanleygasesideales,
  author    = {Khan Academy},
  title     = {¿Que es la ley de los gases ideales?},
  year      = {s.f.},
  url       = {https://es.khanacademy.org/science/physics/thermodynamics/temp-kinetic-theory-ideal-gas-law/a/what-is-the-ideal-gas-law},
  note      = {Consultado el 14 de octubre de 2025}
}

@online{educaplusleyboyle,
  author    = {Educaplus},
  title     = {Ley de Boyle},
  year      = {s.f.},
  url       = {https://www.educaplus.org/gases/ley_boyle.html},
  note      = {Consultado el 14 de octubre de 2025}
}

@online{masamleycharles,
  author    = {Masam / UNAM Cuautitlán},
  title     = {Ley de Charles},
  year      = {s.f.},
  url       = {https://masam.cuautitlan.unam.mx/dycme/neh/ley-de-charles/},
  note      = {Consultado el 14 de octubre de 2025}
}

@online{libretextsgaylussac,
  author    = {LibreTexts},
  title     = {Gay-Lussac’s Law},
  year      = {s.f.},
  url       = {https://chem.libretexts.org/Bookshelves/Introductory_Chemistry/Introductory_Chemistry_(CK-12)/14%3A_The_Behavior_of_Gases/14.05%3A_Gay-Lussac's_Law},
  note      = {Consultado el 14 de octubre de 2025}
}
@article{nationalgeographic_avogadro_2022,
  author    = {National Geographic},
  title     = {El número de Avogadro: la constante que se llevó el Nobel},
  year      = {2022},
  journal   = {National Geographic España},
  url       = {https://www.nationalgeographic.com.es/ciencia/numero-avogadro-constante-que-se-llevo-nobel_22087},
  note      = {Consultado el 16 de octubre de 2025: 2025-10-16}
}
@misc{khanacademy_pv_diagrams_2025,
  author       = {Khan Academy},
  title        = {¿Qué son los diagramas P-V?},
  year         = {2025},
  url          = {https://es.khanacademy.org/science/physics/thermodynamics/laws-of-thermodynamics/a/what-are-pv-diagrams},
  note         = {Accedido: 2025-10-16}
}
@article{condetema,
  title={Tema 10: Gas Ideal},
  author={Conde, F{\'a}tima Masot}
}